<?xml version="1.0" encoding="UTF-8"?><record xmlns="http://www.loc.gov/MARC21/slim" xmlns:cinclude="http://apache.org/cocoon/include/1.0" xmlns:zs="http://www.loc.gov/zing/srw/">
  <leader>00588cz  a2200145n  4500</leader>
  <controlfield tag="001">n  86130800 </controlfield>
  <controlfield tag="003">DLC</controlfield>
  <controlfield tag="005">20140213073724.0</controlfield>
  <controlfield tag="008">860806n| azannaabn          |n aaa      </controlfield>
  <datafield tag="010" ind1=" " ind2=" ">
    <subfield code="a">n  86130800 </subfield>
  </datafield>
  <datafield tag="035" ind1=" " ind2=" ">
    <subfield code="a">(OCoLC)oca01684688</subfield>
  </datafield>
  <datafield tag="040" ind1=" " ind2=" ">
    <subfield code="a">DNLM</subfield>
    <subfield code="b">eng</subfield>
    <subfield code="e">rda</subfield>
    <subfield code="c">DLC</subfield>
    <subfield code="d">DLC</subfield>
    <subfield code="d">DNLM</subfield>
  </datafield>
  <datafield tag="100" ind1="1" ind2=" ">
    <subfield code="a">Roth, Jack A.</subfield>
  </datafield>
  <datafield tag="670" ind1=" " ind2=" ">
    <subfield code="a">Monoclonal antibodies in cancer, 1986:</subfield>
    <subfield code="b">CIP t.p. (Jack A. Roth, M.D.; Bud Johnson prof. and chairman, Dept. of Thoracic Surg., M.D. Anderson Hosp. and Tumor Instit., Houston, Tex.)</subfield>
  </datafield>
  <datafield tag="670" ind1=" " ind2=" ">
    <subfield code="a">Thoracic oncology, c1995:</subfield>
    <subfield code="b">CIP t.p. (Jack Roth, M.D.) pub. memorandum (Jack A. Roth)</subfield>
  </datafield>
</record>